% Encoding: UTF-8

@InProceedings{Ribeiro2018,
  author    = {Marco T{\'{u}}lio Ribeiro and Sameer Singh and Carlos Guestrin},
  booktitle = {Proceedings of the Thirty-Second {AAAI} Conference on Artificial Intelligence, (AAAI-18), the 30th innovative Applications of Artificial Intelligence (IAAI-18), and the 8th {AAAI} Symposium on Educational Advances in Artificial Intelligence (EAAI-18), New Orleans, Louisiana, USA},
  title     = {Anchors: High-Precision Model-Agnostic Explanations},
  pages     = {1527--1535},
  bibsource = {dblp computer science bibliography, https://dblp.org},
  keywords  = {reference},
  timestamp = {Tue, 23 Oct 2018 06:42:15 +0200},
  year      = {2018},
}

@InProceedings{Jouis2021a,
  author    = {Jouis, Ga{\"e}lle and Mouch{\`e}re, Harold and Picarougne, Fabien and Hardouin, Alexandre},
  booktitle = {Pattern Recognition. ICPR International Workshops and Challenges},
  title     = {Anchors vs Attention: Comparing XAI on a Real-Life Use Case},
  isbn      = {978-3-030-68796-0},
  pages     = {219--227},
  publisher = {Springer International Publishing},
  address   = {Virtuel},
  keywords  = {published},
  year      = {2021},
}

@Article{Samek2017,
  author  = {Samek, Wojciech and Wiegand, Thomas and MÃ¼ller, Klaus-Robert},
  journal = {ITU Journal: ICT Discoveries - Special Issue 1 - The Impact of Artificial Intelligence (AI) on Communication Networks and Services},
  title   = {Explainable Artificial Intelligence: Understanding, Visualizing and Interpreting Deep Learning Models},
  year    = {2017},
  month   = {10},
  pages   = {1-10},
  volume  = {1},
  keywords  = {reference},
}

@InProceedings{Ribeiro2016,
  author    = {Marco Tulio Ribeiro and Sameer Singh and Carlos Guestrin},
  booktitle = {Proceedings of the 22Nd ACM SIGKDD International Conference on Knowledge Discovery and Data Mining},
  title     = {"Why Should I Trust You?": Explaining the Predictions of Any Classifier},
  doi       = {10.1145/2939672.2939778},
  eprint    = {1602.04938},
  isbn      = {978-1-4503-4232-2},
  location  = {San Francisco, California, USA},
  pages     = {1135--1144},
  publisher = {ACM},
  series    = {KDD '16},
  acmid     = {2939778},
  address   = {New York, NY, USA},
  keywords  = {reference},
  numpages  = {10},
  year      = {2016},
}

@Article{Baehrens2010,
  author     = {Baehrens, David and Schroeter, Timon and Harmeling, Stefan and Kawanabe, Motoaki and Hansen, Katja and M\"{u}ller, Klaus-Robert},
  journal    = {J. Mach. Learn. Res.},
  title      = {How to Explain Individual Classification Decisions},
  year       = {2010},
  issn       = {1532-4435},
  pages      = {1803--1831},
  volume     = {11},
  acmid      = {1859912},
  keywords  = {reference},
  issue_date = {3/1/2010},
  numpages   = {29},
  publisher  = {JMLR.org},
}

@InProceedings{Lundberg2017,
  author    = {Lundberg, Scott M and Lee, Su-In},
  booktitle = {Advances in Neural Information Processing Systems 30},
  title     = {A Unified Approach to Interpreting Model Predictions},
  year      = {2017},
  editor    = {I. Guyon and U. V. Luxburg and S. Bengio and H. Wallach and R. Fergus and S. Vishwanathan and R. Garnett},
  pages     = {4765--4774},
  publisher = {Curran Associates, Inc.},
  keywords  = {reference},
}

@Article{Bach2015,
  author     = {Bach, Sebastian and Binder, Alexander and Montavon, Gr{\'e}goire and Klauschen, Frederick and M{\"u}ller, Klaus-Robert and Samek, Wojciech},
  journal    = {PloS one},
  title      = {On pixel-wise explanations for non-linear classifier decisions by layer-wise relevance propagation},
  year       = {2015},
  number     = {7},
  pages      = {e0130140},
  volume     = {10},
  keywords  = {reference},
  publisher  = {Public Library of Science},
}

@InProceedings{Teso2019,
  author       = {Teso, Stefano and Kersting, Kristian},
  booktitle    = {Conference on Artificial Intelligence, Ethics and Society (AIES)},
  title        = {Explanatory Interactive Machine Learning},
  organization = {AAAI},
  keywords     = {reference},
  year         = {2019},
}

@Article{Guidotti2018,
  author     = {Guidotti, Riccardo and Monreale, Anna and Ruggieri, Salvatore and Turini, Franco and Giannotti, Fosca and Pedreschi, Dino},
  journal    = {ACM computing surveys (CSUR)},
  title      = {A survey of methods for explaining black box models},
  year       = {2018},
  number     = {5},
  pages      = {1--42},
  volume     = {51},
  keywords  = {reference},
  publisher  = {ACM New York, NY, USA},
}

@InProceedings{Dam2018,
  author    = {Dam, Hoa Khanh and Tran, Truyen and Ghose, Aditya},
  booktitle = {Proceedings of the 40th International Conference on Software Engineering: New Ideas and Emerging Results},
  title     = {Explainable software analytics},
  pages     = {53--56},
  address   = {Gothenburg, Sweden},
  keywords  = {reference},
  year      = {2018},
}

@Misc{Legifrance2016,
  author     = {Legifrance},
  title      = {LOI n 2016-1321 du 7 octobre 2016 pour une Republique numerique},
  year       = {2016},
  keywords  = {reference},
  timestamp  = {2019-04-01},
}

@Article{Karpathy2016,
  author    = {Andrej Karpathy and Justin Johnson and Fei{-}Fei Li},
  title     = {Visualizing and Understanding Recurrent Networks},
  journal   = {The International Conference on Learning Representations (ICLR)},
  keywords  = {reference},
  timestamp = {Mon, 22 Jul 2019 14:55:31 +0200},
  year      = {2016},
}

@Article{Zou2019,
  author         = {Zou, Zhengxia and Shi, Zhenwei and Guo, Yuhong and Ye, Jieping},
  title          = {Object detection in 20 years: A survey},
  eprint         = {1905.05055},
  archiveprefix  = {arXiv},
  groups         = {arxiv},
  journal        = {arXiv preprint arXiv:1905.05055},
  keywords       = {reference},
  publishedclass = {quant-ph},
  year           = {2019},
}

@Misc{Hasani2018,
  author        = {Hasani, Ramin and Lechner, Mathias and Amini, Alexander and Rus, Daniela and Grosu, Radu},
  title         = {Can a Compact Neuronal Circuit Policy be Re-purposed to Learn Simple Robotic Control?},
  eprint        = {1809.04423},
  archiveprefix = {arXiv},
  groups        = {arxiv},
  journal       = {arXiv preprint arXiv:1809.04423},
  keywords      = {reference},
  year          = {2018},
}

@Article{Miller2019,
  author    = {Miller, Tim},
  journal   = {Artificial Intelligence},
  title     = {Explanation in artificial intelligence: Insights from the social sciences},
  year      = {2019},
  pages     = {1--38},
  volume    = {267},
  keywords  = {reference},
  publisher = {Elsevier},
}

@Article{Desmoulin2019,
  author  = {Desmoulin-Canselier, Sonia and Le M{\'e}tayer, Daniel},
  journal = {European Journal of Law and Technology},
  title   = {Algorithmic Decision Systems in the Health and Justice Sectors: Certification and Explanations for Algorithms in European and French Law},
  year    = {2019},
  number  = {3},
  volume  = {9},
  keywords  = {reference},
}

@Article{Montavon2017,
  author    = {Montavon, Gr{\'e}goire and Lapuschkin, Sebastian and Binder, Alexander and Samek, Wojciech and M{\"u}ller, Klaus-Robert},
  journal   = {Pattern Recognition},
  title     = {Explaining nonlinear classification decisions with deep taylor decomposition},
  year      = {2017},
  pages     = {211--222},
  volume    = {65},
  keywords  = {reference},
  publisher = {Elsevier},
}

@InProceedings{Zeiler2014,
  author       = {Zeiler, Matthew D and Fergus, Rob},
  booktitle    = {European conference on computer vision},
  title        = {Visualizing and understanding convolutional networks},
  year         = {2014},
  organization = {Springer},
  pages        = {818--833},
  keywords  = {reference},
}

@InProceedings{Selvaraju2017,
  author    = {Selvaraju, Ramprasaath R. and Cogswell, Michael and Das, Abhishek and Vedantam, Ramakrishna and Parikh, Devi and Batra, Dhruv},
  booktitle = {The IEEE International Conference on Computer Vision (ICCV)},
  title     = {Grad-CAM: Visual Explanations From Deep Networks via Gradient-Based Localization},
  year      = {2017},
  month     = oct,
  keywords  = {reference},
}

@InProceedings{Springenberg2015,
  author    = {Springenberg, Jost Tobias and Dosovitskiy, Alexey and Brox, Thomas and Riedmiller, Martin},
  booktitle = {3rd International Conference on Learning Representations, {ICLR}},
  date      = {2015-05-07},
  title     = {Striving for simplicity: The all convolutional net},
  editor    = {Bengio, Yoshua and LeCun, Yann},
  address   = {San Diego, CA, USA},
  keywords  = {reference},
  year      = {2015},
}

@InProceedings{Wang2016,
  author    = {Wang, Yequan and Huang, Minlie and Zhu, Xiaoyan and Zhao, Li},
  booktitle = {Proceedings of the conference on empirical methods in natural language processing},
  title     = {Attention-based LSTM for aspect-level sentiment classification},
  year      = {2016},
  pages     = {606--615},
  keywords  = {reference},
}

@Article{Hinton2015,
  author   = {Hinton, Geoffrey and Vinyals, Oriol and Dean, Jeff},
  title    = {Distilling the knowledge in a neural network},
  groups   = {arxiv},
  journal  = {arXiv preprint arXiv:1503.02531},
  keywords = {reference},
  year     = {2015},
}

@InProceedings{Liu2018,
  author       = {Liu, Xuan and Wang, Xiaoguang and Matwin, Stan},
  booktitle    = {IEEE International Conference on Data Mining Workshops (ICDMW)},
  title        = {Improving the interpretability of deep neural networks with knowledge distillation},
  organization = {IEEE},
  pages        = {905--912},
  keywords     = {reference},
  year         = {2018},
}

@Article{Dhurandhar2017,
  author   = {Dhurandhar, Amit and Iyengar, Vijay and Luss, Ronny and Shanmugam, Karthikeyan},
  title    = {Tip: Typifying the interpretability of procedures},
  groups   = {arxiv},
  journal  = {arXiv preprint arXiv:1706.02952},
  keywords = {reference},
  year     = {2017},
}

@Article{Che2015,
  author   = {Che, Zhengping and Purushotham, Sanjay and Khemani, Robinder and Liu, Yan},
  title    = {Distilling knowledge from deep networks with applications to healthcare domain},
  groups   = {arxiv},
  journal  = {arXiv preprint arXiv:1512.03542},
  keywords = {reference},
  year     = {2015},
}

@Article{Simonyan2014,
  author    = {Simonyan, Karen and Vedaldi, Andrea and Zisserman, Andrew},
  title     = {Deep Inside Convolutional Networks: Visualising Image Classification Models and Saliency Maps},
  booktitle = {2nd International Conference on Learning Representations, {ICLR}, Banff, AB, Canada},
  keywords  = {reference},
  year      = {2014},
}

@InProceedings{Costa2018,
  author     = {Costa, Felipe and Ouyang, Sixun and Dolog, Peter and Lawlor, Aonghus},
  booktitle  = {Proceedings of the 23rd International Conference on Intelligent User Interfaces Companion},
  title      = {Automatic generation of natural language explanations},
  year       = {2018},
  pages      = {1--2},
  keywords  = {reference},
}

@InProceedings{Gilpin2018,
  author       = {Gilpin, Leilani H and Bau, David and Yuan, Ben Z and Bajwa, Ayesha and Specter, Michael and Kagal, Lalana},
  booktitle    = {IEEE 5th International Conference on data science and advanced analytics (DSAA)},
  title        = {Explaining explanations: An overview of interpretability of machine learning},
  year         = {2018},
  organization = {IEEE},
  pages        = {80--89},
  keywords  = {reference},
}

@InProceedings{Song2017,
  author    = {Song, Sijie and Lan, Cuiling and Xing, Junliang and Zeng, Wenjun and Liu, Jiaying},
  booktitle = {Thirty-first AAAI conference on artificial intelligence},
  title     = {An end-to-end spatio-temporal attention model for human action recognition from skeleton data},
  year      = {2017},
  keywords  = {reference},

}

@InProceedings{Datta2016,
  author    = {A. {Datta} and S. {Sen} and Y. {Zick}},
  booktitle = {IEEE Symposium on Security and Privacy (SP)},
  title     = {Algorithmic Transparency via Quantitative Input Influence: Theory and Experiments with Learning Systems},
  year      = {2016},
  month     = may,
  pages     = {598-617},
  doi       = {10.1109/SP.2016.42},
  keywords  = {reference},
  issn      = {2375-1207},
  keywords  = {reference},

}

@Article{Strumbelj2010,
  author  = {Strumbelj, Erik and Kononenko, Igor},
  journal = {Journal of Machine Learning Research},
  title   = {An efficient explanation of individual classifications using game theory},
  year    = {2010},
  number  = {Jan},
  pages   = {1--18},
  volume  = {11},
  keywords  = {reference},
}

@InProceedings{Lakkaraju2019,
  author    = {Lakkaraju, Himabindu and Kamar, Ece and Caruana, Rich and Leskovec, Jure},
  booktitle = {Proceedings of the AAAI/ACM Conference on AI, Ethics, and Society},
  title     = {Faithful and customizable explanations of black box models},
  year      = {2019},
  pages     = {131--138},
  keywords  = {reference},
}

@InProceedings{Iyer2018,
  author    = {Iyer, Rahul and Li, Yuezhang and Li, Huao and Lewis, Michael and Sundar, Ramitha and Sycara, Katia},
  booktitle = {Proceedings of the AAAI/ACM Conference on AI, Ethics, and Society},
  title     = {Transparency and explanation in deep reinforcement learning neural networks},
  year      = {2018},
  pages     = {144--150},
  keywords  = {reference},
}

@InProceedings{Ciravegna2020,
  author    = {Gabriele Ciravegna and Francesco Giannini and Stefano Melacci and Marco Maggini and Marco Gori},
  title     = {A Constraint-Based Approach to Learning and Explanation},
  year      = {2020},
  month     = apr,
  number    = {04},
  pages     = {3658--3665},
  publisher = {Association for the Advancement of Artificial Intelligence ({AAAI})},
  volume    = {34},
  doi       = {10.1609/aaai.v34i04.5774},
  keywords  = {reference},
  journal   = {Proceedings of the {AAAI} Conference on Artificial Intelligence},
}

@Article{Mohseni2021a,
  author    = {Mohseni, Sina and Zarei, Niloofar and Ragan, Eric D},
  journal   = {ACM Transactions on Interactive Intelligent Systems (TiiS)},
  title     = {A multidisciplinary survey and framework for design and evaluation of explainable AI systems},
  year      = {2021},
  number    = {3-4},
  pages     = {1--45},
  volume    = {11},
  keywords  = {reference},
  publisher = {ACM New York, NY},
}

@Book{molnar2019,
  author     = {Christoph Molnar},
  title      = {Interpretable Machine Learning},
  year       = {2019},
  note       = {\url{https://christophm.github.io/interpretable-ml-book/}},
  keywords  = {reference},
  subtitle   = {A Guide for Making Black Box Models Explainable},
}

@InProceedings{Lin2017,
  author     = {Zhouhan Lin and Minwei Feng and C{\'{\i}}cero Nogueira dos Santos and Mo Yu and Bing Xiang and Bowen Zhou and Yoshua Bengio},
  booktitle  = {5th International Conference on Learning Representations, {ICLR}, Toulon, France},
  title      = {A Structured Self-Attentive Sentence Embedding},
  year       = {2017},
  keywords  = {reference},
}

@Article{Das2017,
  author    = {Das, Abhishek and Agrawal, Harsh and Zitnick, Larry and Parikh, Devi and Batra, Dhruv},
  journal   = {Computer Vision and Image Understanding},
  title     = {Human attention in visual question answering: Do humans and deep networks look at the same regions?},
  year      = {2017},
  pages     = {90--100},
  volume    = {163},
  keywords  = {reference},
  publisher = {Elsevier},
}

@InProceedings{Mohseni2021,
  author    = {Mohseni, Sina and Block, Jeremy E and Ragan, Eric},
  booktitle = {26th International Conference on Intelligent User Interfaces},
  title     = {Quantitative Evaluation of Machine Learning Explanations: A Human-Grounded Benchmark},
  year      = {2021},
  pages     = {22--31},
  keywords  = {reference},
}

@InProceedings{Ak2021,
  author       = {Ak, Ali and Abid, Mona and Da Silva, Matthieu Perreira and Le Callet, Patrick},
  booktitle    = {IEEE International Conference on Multimedia \& Expo Workshops (ICMEW)},
  title        = {On Spammer Detection In Crowdsourcing Pairwise Comparison Tasks: Case Study On Two Multimedia Qoe Assessment Scenarios},
  year         = {2021},
  organization = {IEEE},
  pages        = {1--6},
  keywords  = {reference},
  keywords   = {skimmed},
  readstatus   = {skimmed},
}

@InProceedings{Jouis2020,
  author    = {Jouis, Ga{\"e}lle and Mouch{\`e}re, Harold and Picarougne, Fabien and Hardouin, Alexandre},
  booktitle = {Rencontres des Jeunes Chercheur{\textperiodcentered}ses en Intelligence Artificielle (RJCIA)},
  title     = {Tour dâhorizon autour de lâexplicabilit{\'e} des mod{\`e}les profonds},
  address   = {Angers, France},
  keywords  = {published},
  year      = {2020},
}

@Article{Gorji2022,
  author   = {Gorji, Niku and Rubin, Sasha},
  title    = {Sufficient reasons for classifier decisions in the presence of constraints},
  groups   = {arxiv},
  journal  = {The Thirty-Sixth AAAI Conference on Artificial Intelligence},
  keywords = {reference},
  year     = {2022},
}

@Article{Wu2017,
  author        = {Huijun Wu and Chen Wang and Jie Yin and Kai Lu and Liming Zhu},
  title         = {Interpreting Shared Deep Learning Models via Explicable Boundary Trees},
  eprint        = {1709.03730},
  volume        = {abs/1709.03730},
  archiveprefix = {arXiv},
  journal       = {CoRR},
  keywords      = {reference},
  timestamp     = {Sat, 07 Sep 2019 16:08:57 +0200},
  year          = {2017},
}

@Article{Yang2018,
  author    = {Yang, Zhengyuan and Li, Yuncheng and Yang, Jianchao and Luo, Jiebo},
  journal   = {IEEE Transactions on Circuits and Systems for Video Technology},
  title     = {Action recognition with spatio--temporal visual attention on skeleton image sequences},
  year      = {2018},
  number    = {8},
  pages     = {2405--2415},
  volume    = {29},
  keywords  = {reference},
  publisher = {IEEE},

}

@Article{Hohman2018,
  author    = {Hohman, Fred and Kahng, Minsuk and Pienta, Robert and Chau, Duen Horng},
  journal   = {IEEE transactions on visualization and computer graphics},
  title     = {Visual analytics in deep learning: An interrogative survey for the next frontiers},
  year      = {2018},
  number    = {8},
  pages     = {2674--2693},
  volume    = {25},
  keywords  = {reference},
  publisher = {IEEE},

}

@InProceedings{Charachon2021,
  author       = {Charachon, Martin and Hudelot, C{\'e}line and Courn{\`e}de, Paul-Henry and Ruppli, Camille and Ardon, Roberto},
  booktitle    = {25th International Conference on Pattern Recognition (ICPR)},
  title        = {Combining similarity and adversarial learning to generate visual explanation: Application to medical image classification},
  organization = {IEEE},
  pages        = {7188--7195},
  keywords     = {reference},
  year         = {2021},
}

@Article{Janssen2020,
  author  = {Marijn Janssen and Martijn Hartog and Ricardo Matheus and Aaron Yi Ding and George Kuk},
  journal = {Social Science Computer Review},
  title   = {Will Algorithms Blind People? The Effect of Explainable AI and Decision-Makersâ Experience on AI-supported Decision-Making in Government},
  year    = {2020},
  doi     = {10.1177/0894439320980118},
  keywords  = {reference},

}

@Article{Beaudouin2020,
  author     = {Beaudouin, Val{\'e}rie and Bloch, Isabelle and Bounie, David and Cl{\'e}men{\c{c}}on, St{\'e}phan and d'Alch{\'e}-Buc, Florence and Eagan, James and Maxwell, Winston and Mozharovskyi, Pavlo and Parekh, Jayneel},
  journal    = {Available at SSRN 3559477},
  title      = {Flexible and context-specific AI explainability: a multidisciplinary approach},
  year       = {2020},
  keywords  = {reference},
}

@Article{Arrieta2020,
  author     = {Arrieta, Alejandro Barredo and D{\'\i}az-Rodr{\'\i}guez, Natalia and Del Ser, Javier and Bennetot, Adrien and Tabik, Siham and Barbado, Alberto and Garc{\'\i}a, Salvador and Gil-L{\'o}pez, Sergio and Molina, Daniel and Benjamins, Richard and others},
  journal    = {Information Fusion},
  title      = {Explainable Artificial Intelligence (XAI): Concepts, taxonomies, opportunities and challenges toward responsible AI},
  year       = {2020},
  pages      = {82--115},
  volume     = {58},
  keywords  = {reference},
  publisher  = {Elsevier},
}

@InProceedings{Petsiuk2018,
  author    = {Petsiuk, Vitali and Das, Abir and Saenko, Kate},
  booktitle = {British Machine Vision Conference},
  title     = {RISE: Randomized Input Sampling for Explanation of Black-box Models},
  year      = {2018},
}

@InProceedings{Wiegreffe2019,
  author    = {Wiegreffe, Sarah and Pinter, Yuval},
  booktitle = {Proceedings of the Conference on Empirical Methods in Natural Language Processing and the 9th International Joint Conference on Natural Language Processing (EMNLP-IJCNLP)},
  title     = {Attention is not not Explanation},
  doi       = {10.18653/v1/D19-1002},
  pages     = {11--20},
  publisher = {Association for Computational Linguistics},
  address   = {Hong Kong, China},
  keywords  = {reference},
  month     = nov,
  year      = {2019},
}

@Article{Zafar2021,
  author   = {Zafar, Muhammad Bilal and Donini, Michele and Slack, Dylan and Archambeau, C{\'e}dric and Das, Sanjiv and Kenthapadi, Krishnaram},
  title    = {On the Lack of Robust Interpretability of Neural Text Classifiers},
  journal  = {The Joint Conference of the 59th Annual Meeting of the Association for Computational Linguistics and the 11th International Joint Conference on Natural Language Processing (ACL-IJCNLP)},
  keywords = {reference},
  year     = {2021},
}

@Article{Liu2021,
  author   = {Liu, Yang and Khandagale, Sujay and White, Colin and Neiswanger, Willie},
  title    = {Synthetic Benchmarks for Scientific Research in Explainable Machine Learning},
  journal  = {arXiv preprint arXiv:2106.12543},
  keywords = {reference},
  year     = {2021},
}

@Article{DeYoung2019,
  author  = {DeYoung, Jay and Jain, Sarthak and Rajani, Nazneen Fatema and Lehman, Eric and Xiong, Caiming and Socher, Richard and Wallace, Byron C},
  journal = {Proceedings of the 58th Annual Meeting of the Association for Computational Linguistics},
  title   = {Eraser: A benchmark to evaluate rationalized nlp models},
  year    = {2019},
  month   = jul,
  pages   = {4443--4458},
  keywords  = {reference},
}

@Article{DoshiVelez2017,
  author   = {Doshi-Velez, Finale and Kim, Been},
  title    = {Towards a rigorous science of interpretable machine learning},
  groups   = {arxiv},
  journal  = {arXiv preprint arXiv:1702.08608},
  keywords = {reference},
  year     = {2017},
}

@InProceedings{Bao2018,
  author    = {Bao, Yujia and Chang, Shiyu and Yu, Mo and Barzilay, Regina},
  booktitle = {Proceedings of the Conference on Empirical Methods in Natural Language Processing},
  title     = {Deriving Machine Attention from Human Rationales},
  doi       = {10.18653/v1/D18-1216},
  pages     = {1903--1913},
  publisher = {Association for Computational Linguistics},
  address   = {Brussels, Belgium},
  keywords  = {reference},
  month     = oct,
  year      = {2018},
}

@Article{Vermeire2021,
  author    = {Tom Vermeire and Thibault Laugel and Xavier Renard and David Martens and Marcin Detyniecki},
  title     = {How to~Choose an~Explainability Method? Towards a~Methodical Implementation of~{XAI} in~Practice},
  doi       = {10.1007/978-3-030-93736-2_39},
  pages     = {521--533},
  booktitle = {Communications in Computer and Information Science},
  groups    = {arxiv},
  journal   = {arXiv preprint arXiv:2107.04427},
  keywords  = {reference},
  publisher = {Springer International Publishing},
  year      = {2021},
}

@Article{Richman2021,
  author  = {Richman, Ronald and Wuthrich, Mario V},
  journal = {Available at SSRN 3892015},
  title   = {LocalGLMnet: interpretable deep learning for tabular data},
  year    = {2021},
  keywords  = {reference},
}

@Article{Kenny2021,
  author  = {Kenny, Eoin M and Keane, Mark T},
  journal = {Proceedings of the AAAI Conference on Artificial Intelligence},
  title   = {On Generating Plausible Counterfactual and Semi-Factual Explanations for Deep Learning},
  year    = {2021},
  number  = {13},
  pages   = {11575-11585},
  keywords  = {reference},
}

@Article{Lipton2018,
  author     = {Lipton, Zachary C},
  journal    = {Queue},
  title      = {The Mythos of Model Interpretability: In machine learning, the concept of interpretability is both important and slippery.},
  year       = {2018},
  number     = {3},
  pages      = {31--57},
  volume     = {16},
  keywords  = {reference},
  keywords   = {skimmed},
  publisher  = {ACM New York, NY, USA},
  readstatus = {skimmed},
}

@InProceedings{Jain2019,
  author    = {Jain, Sarthak and Wallace, Byron C},
  booktitle = {NAACL},
  title     = {Attention is not explanation},
  year      = {2019},
  keywords  = {reference},
}

@Article{Ghassemi2021,
  author    = {Ghassemi, Marzyeh and Oakden-Rayner, Luke and Beam, Andrew L},
  journal   = {The Lancet Digital Health},
  title     = {The false hope of current approaches to explainable artificial intelligence in health care},
  year      = {2021},
  number    = {11},
  pages     = {e745--e750},
  volume    = {3},
  keywords  = {reference},
  publisher = {Elsevier},
}

@Article{Barberan2022,
  author   = {Barberan, CJ and Balestriero, Randall and Baraniuk, Richard G},
  title    = {NeuroView: Explainable Deep Network Decision Making},
  groups   = {arxiv},
  journal  = {Diss., Rice University},
  keywords = {reference},
  year     = {2022},
}

@Article{Zafar2021a,
  author   = {Zafar, Muhammad Bilal and Schmidt, Philipp and Donini, Michele and Archambeau, C{\'e}dric and Biessmann, Felix and Das, Sanjiv Ranjan and Kenthapadi, Krishnaram},
  title    = {More Than Words: Towards Better Quality Interpretations of Text Classifiers},
  groups   = {arxiv},
  journal  = {arXiv preprint arXiv:2112.12444},
  keywords = {reference},
  year     = {2021},
}

@Article{Gomez2022b,
  author    = {Tristan Gomez and Suiyi Ling and Thomas Fr{\'{e}}our and Harold Mouch{\`{e}}re},
  title     = {{BR}-{NPA}: A non-parametric high-resolution attention model to improve the interpretability of attention},
  doi       = {10.1016/j.patcog.2022.108927},
  pages     = {108927},
  volume    = {132},
  groups    = {arxiv},
  journal   = {Pattern Recognition},
  keywords  = {reference},
  month     = {12},
  publisher = {Elsevier {BV}},
  year      = {2022},
}

@Article{Fang2021,
  author     = {Fang, Jun-Peng and Zhou, Jun and Cui, Qing and Tang, Cai-Zhi and Li, Long-Fei},
  journal    = {International Journal of Pattern Recognition and Artificial Intelligence},
  title      = {Interpreting Model Predictions with Constrained Perturbation and Counterfactual Instances},
  year       = {2021},
  pages      = {2251001},
  keywords  = {reference},
  publisher  = {World Scientific},
}

@InProceedings{Wongsuphasawat2017,
  author     = {Kanit Wongsuphasawat and Daniel Smilkov and James Wexler and Jimbo Wilson and Dandelion Mane and Doug Fritz and Dilip Krishnan and Fernanda Viegas and Martin Wattenberg},
  booktitle  = {IEEE Transactions on Visualization and Computer Graphics},
  title      = {Visualizing Dataflow Graphs of Deep Learning Models in TensorFlow},
  year       = {2017},
  keywords  = {reference},
}

@InProceedings{Vaswani2017,
  author    = {Vaswani, Ashish and Shazeer, Noam and Parmar, Niki and Uszkoreit, Jakob and Jones, Llion and Gomez, Aidan N and Kaiser, {\L}ukasz and Polosukhin, Illia},
  booktitle = {Advances in neural information processing systems},
  title     = {Attention is all you need},
  year      = {2017},
  pages     = {5998--6008},
  keywords  = {reference},
}

@InProceedings{Bahdanau2015,
  author     = {Bahdanau, Dzmitry and Cho, Kyunghyun and Bengio, Yoshua},
  booktitle  = {3rd International Conference on Learning Representations, {ICLR}, San Diego, CA, USA},
  title      = {Neural Machine Translation by Jointly Learning to Align and Translate},
  editor     = {Yoshua Bengio and Yann LeCun},
  bibsource  = {dblp computer science bibliography, https://dblp.org},
  keywords   = {reference, skimmed},
  readstatus = {skimmed},
  year       = {2015},
}

@InProceedings{Abnar2020,
  author    = {Abnar, Samira and Zuidema, Willem},
  booktitle = {The 58th Annual Meeting of the Association for Computational Linguistics (ACL)},
  title     = {Quantifying Attention Flow in Transformers},
  year      = {2020},
  month     = {05},
  comment   = {https://www.youtube.com/watch?v=3Q0ZXqVaQPo&feature=youtu.be
https://paperswithcode.com/paper/quantifying-attention-flow-in-transformers},
  keywords  = {reference},
}

@InProceedings{Schlegel2019,
  author    = {Schlegel, Udo and Arnout, Hiba and El-Assady, Mennatallah and Oelke, Daniela and Keim, Daniel},
  booktitle = {IEEE/CVF International Conference on Computer Vision Workshop (ICCVW)},
  title     = {Towards A Rigorous Evaluation Of XAI Methods On Time Series},
  pages     = {4197-4201},
  keywords  = {reference},
  year      = {2019},
}

@InProceedings{Ghaeini2018,
  author    = {Ghaeini, Reza and Fern, Xiaoli and Tadepalli, Prasad and Ghaeini, Reza and Fern, Xiaoli and Tadepalli, Prasad},
  booktitle = {Proceedings of the Conference on Empirical Methods in Natural Language Processing},
  title     = {Interpreting Recurrent and Attention-Based Neural Models: a Case Study on Natural Language Inference},
  doi       = {10.18653/v1/D18-1537},
  pages     = {4952--4957},
  publisher = {Association for Computational Linguistics},
  keywords  = {reference},
  month     = {08},
  year      = {2018},
}

@InProceedings{Uehara2020,
  author    = {K. {Uehara} and M. {Murakawa} and H. {Nosato} and H. {Sakanashi}},
  booktitle = {IEEE International Conference on Image Processing (ICIP)},
  title     = {Multi-Scale Explainable Feature Learning for Pathological Image Analysis Using Convolutional Neural Networks},
  doi       = {10.1109/ICIP40778.2020.9190693},
  pages     = {1931-1935},
  keywords  = {reference},
  year      = {2020},
}

@InProceedings{Dodge2020,
  author    = {Dodge, Jonathan and Burnett, Margaret},
  booktitle = {ExSS-ATEC@ IUI},
  title     = {Position: We Can Measure XAI Explanations Better with Templates.},
  year      = {2020},
  keywords  = {reference},
}

@InProceedings{Mitchell2019,
  author     = {Mitchell, Margaret and Wu, Simone and Zaldivar, Andrew and Barnes, Parker and Vasserman, Lucy and Hutchinson, Ben and Spitzer, Elena and Raji, Inioluwa Deborah and Gebru, Timnit},
  booktitle  = {Proceedings of the conference on fairness, accountability, and transparency},
  title      = {Model cards for model reporting},
  year       = {2019},
  pages      = {220--229},
  keywords  = {reference},
}

@InProceedings{Stieler2021,
  author    = {Stieler, Fabian and Rabe, Fabian and Bauer, Bernhard},
  booktitle = {Proceedings of the IEEE/CVF Conference on Computer Vision and Pattern Recognition},
  title     = {Towards domain-specific explainable AI: model interpretation of a skin image classifier using a human approach},
  year      = {2021},
  pages     = {1802--1809},
  keywords  = {reference},
}

@InProceedings{Chattopadhay2018,
  author       = {Chattopadhay, Aditya and Sarkar, Anirban and Howlader, Prantik and Balasubramanian, Vineeth N},
  booktitle    = {IEEE winter conference on applications of computer vision (WACV)},
  title        = {Grad-cam++: Generalized gradient-based visual explanations for deep convolutional networks},
  organization = {IEEE},
  pages        = {839--847},
  keywords     = {reference},
  year         = {2018},
}

@InProceedings{Ak2021a,
  author     = {Ak, Ali and Goswami, Abhishek and Hauser, Wolf and Le Callet, Patrick and Dufaux, Fr{\'e}d{\'e}ric},
  booktitle  = {Image Quality and System Performance, IS\&T International Symposium on Electronic Imaging (EI)},
  title      = {A Comprehensive Analysis of Crowdsourcing for Subjective Evaluation of Tone Mapping Operators},
  keywords   = {reference, skimmed},
  readstatus = {skimmed},
  year       = {2021},
}

@InProceedings{Poppi2021,
  author    = {Poppi, Samuele and Cornia, Marcella and Baraldi, Lorenzo and Cucchiara, Rita},
  booktitle = {Proceedings of the IEEE/CVF Conference on Computer Vision and Pattern Recognition},
  title     = {Revisiting The Evaluation of Class Activation Mapping for Explainability: A Novel Metric and Experimental Analysis},
  year      = {2021},
  pages     = {2299--2304},
  keywords  = {reference},
}

@Misc{Fang2020,
  author    = {Huanming Fang and Hui Miao},
  month     = jul,
  title     = {Introducing the Model Card Toolkit for Easier Model Transparency Reporting},
  year      = {2020},
  booktitle = {Google AI Blog},
  keywords  = {reference},
}

@Article{Olah2016,
  author  = {Olah, Chris and Carter, Shan},
  journal = {Distill},
  title   = {Attention and Augmented Recurrent Neural Networks},
  year    = {2016},
  doi     = {10.23915/distill.00001},
  keywords  = {reference},
}

@InProceedings{Bau2017,
  author    = {Bau, David and Zhou, Bolei and Khosla, Aditya and Oliva, Aude and Torralba, Antonio},
  booktitle = {Proc of the IEEE Conf. on Computer Vision and Pattern Recognition},
  title     = {Network dissection: Quantifying interpretability of deep visual representations},
  year      = {2017},
  pages     = {6541--6549},
  keywords  = {reference},
}

@InProceedings{Codella2019,
  author    = {Codella, Noel CF and Hind, Michael and Ramamurthy, Karthikeyan Natesan and Campbell, Murray and Dhurandhar, Amit and Varshney, Kush R and Wei, Dennis and Mojsilovic, Aleksandra},
  booktitle = {Proceedings of the AAAI/ACM Conference on AI, Ethics, and Society},
  title     = {TED: Teaching AI to Explain its Decisions},
  pages     = {123--129},
  keywords  = {reference},
  year      = {2019},
}

@InProceedings{Virgolin2021,
  author     = {Virgolin, Marco and De Lorenzo, Andrea and Randone, Francesca and Medvet, Eric and Wahde, Mattias},
  booktitle  = {Proceedings of the Genetic and Evolutionary Computation Conference Companion},
  title      = {Model learning with personalized interpretability estimation (ML-PIE)},
  year       = {2021},
  pages      = {1355--1364},
  keywords  = {reference},
  keywords   = {skimmed},
  readstatus = {skimmed},
}

@Article{Yun2021,
  author     = {Yun, Zeyu and Chen, Yubei and Olshausen, Bruno A and LeCun, Yann},
  title      = {Transformer visualization via dictionary learning: contextualized embedding as a linear superposition of transformer factors},
  groups     = {arxiv},
  journal    = {arXiv preprint arXiv:2103.15949},
  keywords   = {reference, skimmed},
  readstatus = {skimmed},
  year       = {2021},
}

@Article{Barnett2021,
  author     = {Barnett, Alina Jade and Schwartz, Fides Regina and Tao, Chaofan and Chen, Chaofan and Ren, Yinhao and Lo, Joseph Y and Rudin, Cynthia},
  journal    = {Nature Machine Intelligence},
  title      = {A case-based interpretable deep learning model for classification of mass lesions in digital mammography},
  year       = {2021},
  number     = {12},
  pages      = {1061--1070},
  volume     = {3},
  keywords  = {reference},

  publisher  = {Nature Publishing Group},
}

@InProceedings{Thakur2021,
  author       = {Thakur, Shailja and Fischmeister, Sebastian},
  booktitle    = {25th International Conference on Pattern Recognition (ICPR)},
  title        = {A generalizable saliency map-based interpretation of model outcome},
  organization = {IEEE},
  pages        = {4099--4106},
  keywords     = {reference, read},
  readstatus   = {read},
  year         = {2021},
}

@Article{Qian2022,
  author   = {Qian, Guangwu and Yang, Zhen-Qun and Zhang, Xu-Lu and Wang, Yaowei and Li, Qing and Wei, Xiao-Yong},
  title    = {Conceptor Learning for Class Activation Mapping},
  groups   = {arxiv},
  journal  = {arXiv preprint arXiv:2201.08636},
  keywords = {reference},
  year     = {2022},
}

@Article{Sawada2022,
  author    = {Sawada, Yoshihide and Nakamura, Keigo},
  title     = {Concept Bottleneck Model With Additional Unsupervised Concepts},
  pages     = {41758--41765},
  volume    = {10},
  journal   = {IEEE Access},
  publisher = {IEEE},
  year      = {2022},
}

@InProceedings{Sellam2019,
  author    = {Sellam, Thibault and Lin, Kevin and Huang, Ian and Yang, Michelle and Vondrick, Carl and Wu, Eugene},
  booktitle = {Proceedings of the 2019 International Conference on Management of Data},
  title     = {DeepBase: Deep Inspection of Neural Networks},
  doi       = {10.1145/3299869.3300073},
  isbn      = {9781450356435},
  location  = {Amsterdam, Netherlands},
  pages     = {1117â1134},
  publisher = {Association for Computing Machinery},
  series    = {SIGMOD '19},
  address   = {New York, NY, USA},
  keywords  = {deep learning, neural network diagnostics, neural networks, software for interpretability},
  month     = {6},
  numpages  = {18},
  year      = {2019},
}

@Article{Qiu2021,
  author   = {Qiu, Luyu and Yang, Yi and Cao, Caleb Chen and Liu, Jing and Zheng, Yueyuan and Ngai, Hilary Hei Ting and Hsiao, Janet and Chen, Lei},
  title    = {Resisting out-of-distribution data problem in perturbation of xai},
  groups   = {arxiv},
  journal  = {arXiv preprint arXiv:2107.14000},
  keywords = {reference},
  year     = {2021},
}

@Article{SantanaCorreia2022,
  author    = {Alana de Santana Correia and Esther Luna Colombini},
  title     = {Attention, please! A survey of neural attention models in deep learning},
  doi       = {10.1007/s10462-022-10148-x},
  number    = {8},
  pages     = {6037--6124},
  volume    = {55},
  groups    = {arxiv},
  journal   = {Artificial Intelligence Review},
  keywords  = {reference},
  month     = {3},
  publisher = {Springer Science and Business Media {LLC}},
  year      = {2022},
}

@Article{Yang2019,
  author   = {Yang, Yinfei and Cer, Daniel and Ahmad, Amin and Guo, Mandy and Law, Jax and Constant, Noah and Abrego, Gustavo Hernandez and Yuan, Steve and Tar, Chris and Sung, Yun-Hsuan and others},
  title    = {Multilingual universal sentence encoder for semantic retrieval},
  groups   = {arxiv},
  journal  = {arXiv preprint arXiv:1907.04307},
  keywords = {reference},
  year     = {2019},
}

@InCollection{Samuel2021,
  author    = {Samuel, Sanjay Sekar and Abdullah, Nik Nailah Binti and Raj, Anil},
  booktitle = {Interpretable Artificial Intelligence: A Perspective of Granular Computing},
  publisher = {Springer},
  title     = {Interpretation of SVM to Build an Explainable AI via Granular Computing},
  year      = {2021},
  pages     = {119--152},
  keywords  = {reference},
}

@InProceedings{Chang2019,
  author    = {Chun{-}Hao Chang and Elliot Creager and Anna Goldenberg and David Duvenaud},
  booktitle = {7th International Conference on Learning Representations, {ICLR}, New Orleans, LA, USA},
  title     = {Explaining Image Classifiers by Counterfactual Generation},
  year      = {2019},
  publisher = {OpenReview.net},
  bibsource = {dblp computer science bibliography, https://dblp.org},

  keywords  = {reference},
  timestamp = {Thu, 25 Jul 2019 14:25:55 +0200},

}

@InProceedings{Agarwal2020,
  author    = {Agarwal, Chirag and Nguyen, Anh},
  booktitle = {Proceedings of the Asian Conference on Computer Vision},
  title     = {Explaining image classifiers by removing input features using generative models},
  year      = {2020},
  keywords  = {reference},

}

@InProceedings{Uehara2021,
  author       = {Uehara, Kazuki and Murakawa, Masahiro and Nosato, Hirokazu and Sakanashi, Hidenori},
  booktitle    = {25th International Conference on Pattern Recognition (ICPR)},
  title        = {Explainable feature embedding using convolutional neural networks for pathological image analysis},
  year         = {2021},
  organization = {IEEE},
  pages        = {4560--4565},
  keywords  = {reference},
}

@Article{Montavon2018,
  author   = {GrÃ©goire Montavon and Wojciech Samek and Klaus-Robert MÃ¼ller},
  journal  = {Digital Signal Processing},
  title    = {Methods for interpreting and understanding deep neural networks},
  year     = {2018},
  issn     = {1051-2004},
  pages    = {1-15},
  volume   = {73},
  doi      = {https://doi.org/10.1016/j.dsp.2017.10.011},
  keywords  = {reference},
  keywords = {Deep neural networks, Activation maximization, Sensitivity analysis, Taylor decomposition, Layer-wise relevance propagation},

}

@Article{VanBouwel2002,
  author    = {Van Bouwel, Jeroen and Weber, Erik},
  journal   = {Journal for the Theory of Social Behaviour},
  title     = {Remote causes, bad explanations?},
  year      = {2002},
  number    = {4},
  pages     = {437--449},
  volume    = {32},
  keywords  = {reference},
  publisher = {Wiley Online Library},

}

@InProceedings{Gomez2022,
  author     = {Gomez, Tristan and FrÃ©our, Thomas and MouchÃ¨re, Harold},
  booktitle  = {International Conference on Pattern Recognition and Artificial Intelligence},
  title      = {Metrics for saliency map evaluation of deep learning explanation methods},
  year       = {2022},
  copyright  = {Creative Commons Attribution 4.0 International},
  doi        = {10.48550/ARXIV.2201.13291},
  keywords  = {reference},
}

@Article{Rasouli2022,
  author    = {Peyman Rasouli and Ingrid Chieh Yu},
  title     = {{CARE}: coherent actionable recourse based on sound counterfactual explanations},
  doi       = {10.1007/s41060-022-00365-6},
  groups    = {arxiv},
  journal   = {International Journal of Data Science and Analytics},
  keywords  = {reference},
  month     = {9},
  publisher = {Springer Science and Business Media {LLC}},
  year      = {2022},
}

@Article{Hoffman2018,
  author   = {Hoffman, Robert R and Mueller, Shane T and Klein, Gary and Litman, Jordan},
  title    = {Metrics for explainable AI: Challenges and prospects},
  groups   = {arxiv},
  journal  = {arXiv preprint arXiv:1812.04608},
  keywords = {reference},
  year     = {2018},
}

@Article{Miller2017,
  author   = {Miller, Tim and Howe, Piers and Sonenberg, Liz},
  title    = {Explainable AI: Beware of inmates running the asylum or: How I learnt to stop worrying and love the social and behavioural sciences},
  groups   = {arxiv},
  journal  = {arXiv preprint arXiv:1712.00547},
  keywords = {reference},
  year     = {2017},
}

@InProceedings{Allahyari2011,
  author       = {Allahyari, Hiva and Lavesson, Niklas},
  booktitle    = {11th scandinavian conference on Artificial intelligence},
  title        = {User-oriented assessment of classification model understandability},
  year         = {2011},
  organization = {IOS Press},
  keywords  = {reference},
  keywords   = {skimmed},
  readstatus   = {skimmed},
}

@Article{DoshiVelez2017a,
  author   = {Doshi-Velez, Finale and Kortz, Mason and Budish, Ryan and Bavitz, Chris and Gershman, Sam and O'Brien, David and Scott, Kate and Schieber, Stuart and Waldo, James and Weinberger, David and others},
  title    = {Accountability of AI under the law: The role of explanation},
  groups   = {arxiv},
  journal  = {Berkman Klein Center Working Group on Explanation and the Law, Berkman KleinCenter for Internet \& Society working paper},
  keywords = {reference},
  year     = {2017},
}

@Article{Adebayo2018,
  author  = {Adebayo, Julius and Gilmer, Justin and Muelly, Michael and Goodfellow, Ian and Hardt, Moritz and Kim, Been},
  journal = {Advances in neural information processing systems},
  title   = {Sanity checks for saliency maps},
  year    = {2018},
  volume  = {31},
  keywords  = {reference},
}

@Article{Kim2018,
  author = {Kim, Been and Gilmer, Justin and Wattenberg, Martin and Vi{\'e}gas, Fernanda},
  title  = {Tcav: Relative concept importance testing with linear concept activation vectors},
  year   = {2018},
  keywords  = {reference},
}

@Article{Obeso2022,
  author    = {Obeso, Abraham Montoya and Benois-Pineau, Jenny and V{\'a}zquez, Mireya Sara{\'\i} Garc{\'\i}a and Acosta, Alejandro {\'A}lvaro Ram{\'\i}rez},
  journal   = {Pattern Recognition},
  title     = {Visual vs internal attention mechanisms in deep neural networks for image classification and object detection},
  year      = {2022},
  pages     = {108411},
  volume    = {123},
  keywords  = {reference},
  publisher = {Elsevier},
}

@Article{Ayyar2021,
  author    = {Ayyar, Meghna P and Benois-Pineau, Jenny and Zemmari, Akka},
  journal   = {Journal of Electronic Imaging},
  title     = {Review of white box methods for explanations of convolutional neural networks in image classification tasks},
  year      = {2021},
  number    = {5},
  pages     = {050901},
  volume    = {30},
  keywords  = {reference},
  publisher = {SPIE},

}

@InProceedings{Shrikumar2017,
  author    = {Avanti Shrikumar and Peyton Greenside and Anshul Kundaje},
  booktitle = {Proceedings of the 34th International Conference on Machine Learning},
  title     = {Learning Important Features Through Propagating Activation Differences},
  year      = {2017},
  editor    = {Precup, Doina and Teh, Yee Whye},
  month     = aug,
  pages     = {3145--3153},
  publisher = {PMLR},
  series    = {Proceedings of Machine Learning Research},
  volume    = {70},
  keywords  = {reference},
}

@Article{Samek2016,
  author    = {Samek, Wojciech and Binder, Alexander and Montavon, Gr{\'e}goire and Lapuschkin, Sebastian and M{\"u}ller, Klaus-Robert},
  journal   = {IEEE transactions on neural networks and learning systems},
  title     = {Evaluating the visualization of what a deep neural network has learned},
  year      = {2016},
  number    = {11},
  pages     = {2660--2673},
  volume    = {28},
  keywords  = {reference},
  publisher = {IEEE},
}

@Article{Bradley1952,
  author    = {Bradley, Ralph Allan and Terry, Milton E},
  journal   = {Biometrika},
  title     = {Rank analysis of incomplete block designs: I. The method of paired comparisons},
  year      = {1952},
  number    = {3/4},
  pages     = {324--345},
  volume    = {39},
  keywords  = {reference},
  publisher = {JSTOR},
}

@Book{Luce1959,
  author    = {Luce, R Duncan},
  publisher = {Courier Corporation},
  title     = {Individual choice behavior: A theoretical analysis},
  year      = {1959},
  keywords  = {reference},
}


@Misc{Pole2021,
  author       = {{PÃ´le emploi}},
  howpublished = {Documentation interne non accessible au public},
  title        = {IE\_Ethique\_Carto risques Ã©thiques\_Atelier 2\_V2 post-atelier},
  year         = {2021},
  keywords  = {reference},
}

@Misc{Pole2022,
  author = {{PÃ´le emploi}},
  title  = {Charte de PÃ´le emploi pour une intelligence artificielle Ã©thique},
  year   = {2022},
  keywords  = {reference},
}

@Misc{Wang2021,
  author       = {Wang, Ben and Komatsuzaki, Aran},
  howpublished = {\url{https://github.com/kingoflolz/mesh-transformer-jax}},
  month        = May,
  title        = {{GPT-J-6B: A 6 Billion Parameter Autoregressive Language Model}},
  year         = {2021},
  keywords  = {reference},
}

@Misc{Ramesh2022,
  author    = {Ramesh, Aditya and Dhariwal, Prafulla and Nichol, Alex and Chu, Casey and Chen, Mark},
  title     = {Hierarchical Text-Conditional Image Generation with CLIP Latents},
  doi       = {10.48550/ARXIV.2204.06125},
  copyright = {Creative Commons Attribution 4.0 International},
  groups    = {arxiv},
  journal   = {arXiv},
  keywords  = {reference},
  publisher = {arXiv},
  year      = {2022},
}

@Article{Herman2017,
  author   = {Herman, Bernease},
  title    = {The promise and peril of human evaluation for model interpretability},
  groups   = {arxiv},
  journal  = {arXiv preprint arXiv:1711.07414},
  keywords = {reference},
  year     = {2017},
}

@InProceedings{Lim2009,
  author    = {Lim, Brian Y and Dey, Anind K and Avrahami, Daniel},
  booktitle = {Proceedings of the SIGCHI conference on human factors in computing systems},
  title     = {Why and why not explanations improve the intelligibility of context-aware intelligent systems},
  year      = {2009},
  pages     = {2119--2128},
  keywords  = {reference},
}

@InBook{Jouis2023,
  author    = {Jouis, Ga{\"e}lle and Mouch{\`e}re, Harold and Picarougne, Fabien and Hardouin, Alexandre},
  booktitle = {Explainable Deep Learning AI Methods and Challenges},
  title     = {A Methodology to Compare XAI Explanations on Natural Language Processing},
  editor    = {Jenny Benois-Pineau, Romain Bourqui, Dragutin Petkovic},
  publisher = {Elsevier},
  keywords  = {publishing},
  year      = {2023},
}

@Article{Weizenbaum1966,
  author    = {Weizenbaum, Joseph},
  journal   = {Communications of the ACM},
  title     = {ELIZAâa computer program for the study of natural language communication between man and machine},
  year      = {1966},
  number    = {1},
  pages     = {36--45},
  volume    = {9},
  keywords  = {reference},
  publisher = {ACM New York, NY, USA},
}

@Article{LeCun2015,
  author    = {LeCun, Yann and Bengio, Yoshua and Hinton, Geoffrey},
  title     = {Deep learning},
  number    = {7553},
  pages     = {436--444},
  volume    = {521},
  journal   = {Nature},
  keywords  = {reference},
  publisher = {Nature Publishing Group},
  year      = {2015},
}

@Online{Commission2018,
  author  = {European Commission},
  date    = {2018-05-25},
  keywords  = {reference},
  title   = {2018 reform of EU data protection rules},
  urldate = {2022-10-25},
}

@Article{Wachter2017,
  author    = {Wachter, Sandra and Mittelstadt, Brent and Floridi, Luciano},
  journal   = {International Data Privacy Law},
  title     = {Why a right to explanation of automated decision-making does not exist in the general data protection regulation},
  year      = {2017},
  number    = {2},
  pages     = {76--99},
  volume    = {7},
  keywords  = {reference},
  publisher = {Oxford University Press},
}

@InProceedings{Jouis2021,
  author    = {Jouis, Ga{\"e}lle and Mouch{\`e}re, Harold and Picarougne, Fabien and Hardouin, Alexandre},
  booktitle = {{21{\`e}mes Journ{\'e}es Francophones Extraction et Gestion des Connaissances}},
  title     = {{Ancres vs Attention : comparaison de m{\'e}thodes d'explicabilit{\'e} des r{\'e}seaux profonds sur un cas d'usage r{\'e}el}},
  year      = {2021},
  address   = {Montpellier, France},
  month     = Jan,
  hal_id    = {hal-03211939},
  keywords  = {published},
}

@InProceedings{Dombrowski2019,
  author    = {Dombrowski, Ann-Kathrin and Alber, Maximillian and Anders, Christopher and Ackermann, Marcel and M\"{u}ller, Klaus-Robert and Kessel, Pan},
  booktitle = {Advances in Neural Information Processing Systems},
  title     = {Explanations can be manipulated and geometry is to blame},
  editor    = {H. Wallach and H. Larochelle and A. Beygelzimer and F. d\textquotesingle Alch\'{e}-Buc and E. Fox and R. Garnett},
  publisher = {Curran Associates, Inc.},
  url       = {https://proceedings.neurips.cc/paper/2019/file/bb836c01cdc9120a9c984c525e4b1a4a-Paper.pdf},
  volume    = {32},
  address   = {Vancouver, Canada},
  keywords  = {reference},
  year      = {2019},
}

@InProceedings{Gomez2022a,
  author    = {Gomez, Tristan and Fr{\'e}our, Thomas and Mouch{\`e}re, Harold},
  booktitle = {{XAI Workshop (ICPR)}},
  title     = {{Comparison of attention models and post-hoc explanation methods for embryo stage identification: a case study}},
  url       = {https://hal.archives-ouvertes.fr/hal-03690574},
  address   = {Montr{\'e}al, Canada},
  keywords  = {reference},
  month     = Aug,
  year      = {2022},
}

@InProceedings{Zhou2016,
  author    = {Zhou, Bolei and Khosla, Aditya and Lapedriza, Agata and Oliva, Aude and Torralba, Antonio},
  booktitle = {Proceedings of the IEEE conference on computer vision and pattern recognition},
  title     = {Learning deep features for discriminative localization},
  pages     = {2921--2929},
  keywords  = {reference},
  year      = {2016},
}

@InProceedings{Koh2020,
  author       = {Koh, Pang Wei and Nguyen, Thao and Tang, Yew Siang and Mussmann, Stephen and Pierson, Emma and Kim, Been and Liang, Percy},
  booktitle    = {International Conference on Machine Learning},
  title        = {Concept bottleneck models},
  organization = {PMLR},
  pages        = {5338--5348},
  year         = {2020},
}

@Article{AlvarezMelis2018,
  author  = {Alvarez Melis, David and Jaakkola, Tommi},
  title   = {Towards robust interpretability with self-explaining neural networks},
  volume  = {31},
  journal = {Advances in neural information processing systems},
  year    = {2018},
}

@Article{Kaadoud2022,
  author    = {Ikram Chraibi Kaadoud and Lina Fahed and Tian Tian and Yannis Haralambous and Philippe Lenca},
  title     = {Automata-based Explainable Representation for a Complex System of Multivariate Times Series},
  doi       = {10.5220/0011363400003335},
  booktitle = {Proceedings of the 14th International Joint Conference on Knowledge Discovery, Knowledge Engineering and Knowledge Management},
  keywords  = {reference},
  publisher = {{SCITEPRESS} - Science and Technology Publications},
  year      = {2022},
}

@Comment{jabref-meta: databaseType:biblatex;}

@Comment{jabref-meta: grouping:
0 AllEntriesGroup:;
1 StaticGroup:arxiv\;0\;1\;0x8a8a8aff\;\;\;;
}
